<?xml version="1.0" encoding="UTF-8"?>
<record xmlns="http://www.loc.gov/MARC21/slim" xmlns:xsi="http://www.w3.org/2001/XMLSchema-instance" xsi:schemaLocation="http://www.loc.gov/MARC21/slim http://www.loc.gov/standards/marcxml/schema/MARC21slim.xsd">
<leader>00000cam a22      a 4500</leader>
<controlfield tag="001">001515606</controlfield>
<controlfield tag="003">NNU</controlfield>
<controlfield tag="005">20150603173002.0</controlfield>
<controlfield tag="008">960425m19541964mr a          001 0 ara d</controlfield>
<datafield tag="035" ind1=" " ind2=" ">
<subfield code="a">(OCoLC)54187962</subfield>
</datafield>
<datafield tag="040" ind1=" " ind2=" ">
<subfield code="a">YUS</subfield>
<subfield code="b">eng</subfield>
<subfield code="c">YUS</subfield>
<subfield code="d">OCLCF</subfield>
<subfield code="d">OCLCQ</subfield>
<subfield code="d">OCLCO</subfield>
<subfield code="d">NNU</subfield>
</datafield>
<datafield tag="100" ind1="1" ind2=" ">
<subfield code="6">880-01</subfield>
<subfield code="a">Sinānī, Muḥammad al-Raḍī.</subfield>
</datafield>
<datafield tag="245" ind1="1" ind2="3">
<subfield code="6">880-02</subfield>
<subfield code="a">al-Shadharāt wa-iltiqāṭ al-fawāʼid wa-ghurar al-ʻawāʼid /</subfield>
<subfield code="c">taʼlīf Muḥammad al-Raḍī al-Sinānī. [Wa-yalīh kitāb Tanbīh al-mumāniʻ wa-al-munqād ʻalʹa buṭlān al-ṣalāh fī al-munṭād].</subfield>
</datafield>
<datafield tag="246" ind1="3" ind2="0">
<subfield code="6">880-03</subfield>
<subfield code="a">Iltiqāṭ al-fawāʼid wa-ghurar al-ʻawāʼid</subfield>
</datafield>
<datafield tag="260" ind1=" " ind2=" ">
<subfield code="6">880-04</subfield>
<subfield code="a">[Casablanca?] :</subfield>
<subfield code="b">M.al-R. al-Sinānī,</subfield>
<subfield code="c">[1954?-1964?]</subfield>
</datafield>
<datafield tag="300" ind1=" " ind2=" ">
<subfield code="a">2 volumes in 1 :</subfield>
<subfield code="b">illustrations ;</subfield>
<subfield code="c">26 cm</subfield>
</datafield>
<datafield tag="336" ind1=" " ind2=" ">
<subfield code="a">text</subfield>
<subfield code="b">txt</subfield>
<subfield code="2">rdacontent</subfield>
</datafield>
<datafield tag="337" ind1=" " ind2=" ">
<subfield code="a">unmediated</subfield>
<subfield code="b">n</subfield>
<subfield code="2">rdamedia</subfield>
</datafield>
<datafield tag="338" ind1=" " ind2=" ">
<subfield code="a">volume</subfield>
<subfield code="b">nc</subfield>
<subfield code="2">rdacarrier</subfield>
</datafield>
<datafield tag="500" ind1=" " ind2=" ">
<subfield code="a">Includes indexes.</subfield>
</datafield>
<datafield tag="650" ind1=" " ind2="0">
<subfield code="a">Islam.</subfield>
</datafield>
<datafield tag="650" ind1=" " ind2="7">
<subfield code="a">Islam.</subfield>
<subfield code="2">fast</subfield>
<subfield code="0">(OCoLC)fst00979776</subfield>
</datafield>
<datafield tag="700" ind1="1" ind2="2">
<subfield code="6">880-05</subfield>
<subfield code="a">Sinānī, Muḥammad al-Raḍī.</subfield>
<subfield code="t">Tanbīh al-mumāniʻ wa-al-munqād ʻalʹa buṭlān al-ṣalāh fī al-munṭād.</subfield>
</datafield>
<datafield tag="740" ind1="0" ind2="2">
<subfield code="6">880-06</subfield>
<subfield code="a">Tanbīh al-mumāniʻ wa-al-munqād ʻalʹa buṭlān al-ṣalāh fī al-munṭād.</subfield>
</datafield>
<datafield tag="880" ind1="1" ind2=" ">
<subfield code="6">100-01/</subfield>
<subfield code="a">سناني، محمد الرضي.</subfield>
</datafield>
<datafield tag="880" ind1="1" ind2="2">
<subfield code="6">245-02/</subfield>
<subfield code="a">الشذرات والتقاط الفوائد وغرر العوائد /</subfield>
<subfield code="c">تأليف محمد الرضي السناني. [ويليه كتاب تنبيه الممانع والمنقاد على بطلان الصلاة في المنطاد].</subfield>
</datafield>
<datafield tag="880" ind1="3" ind2="0">
<subfield code="6">246-03/</subfield>
<subfield code="a">التقاط الفوائد وغرر العوائد</subfield>
</datafield>
<datafield tag="880" ind1=" " ind2=" ">
<subfield code="6">260-04/</subfield>
<subfield code="a">[الدار البيضاء؟] :</subfield>
<subfield code="b">م‌.ر. السناني،</subfield>
<subfield code="c">[1954?-1964?]</subfield>
</datafield>
<datafield tag="880" ind1="1" ind2="2">
<subfield code="6">700-05/</subfield>
<subfield code="a">سناني، محمد الرضي.</subfield>
<subfield code="t">تنبيه الممانع والمنقاد على بطلان الصلاة في المنطاد.</subfield>
</datafield>
<datafield tag="880" ind1="0" ind2="2">
<subfield code="6">740-06/</subfield>
<subfield code="a">تنبيه الممانع والمنقاد على بطلان الصلاة في المنطاد.</subfield>
</datafield>
<datafield tag="OWN" ind1=" " ind2=" ">
<subfield code="a">GENERAL</subfield>
</datafield>
<datafield tag="AVA" ind1=" " ind2=" ">
<subfield code="a">NYU50</subfield>
<subfield code="b">BOBST</subfield>
<subfield code="c">Main Collection</subfield>
<subfield code="d">BP25 .S54 1954</subfield>
<subfield code="e">unavailable</subfield>
<subfield code="t">Unavailable</subfield>
<subfield code="f">1</subfield>
<subfield code="g">1</subfield>
<subfield code="h">Y</subfield>
<subfield code="i">0</subfield>
<subfield code="j">MAIN</subfield>
<subfield code="k">0</subfield>
</datafield>
</record>
